<record><leader>00000cas a22000007a 4500</leader><controlfield tag="001">11827103</controlfield><controlfield tag="008">850320c19709999aludr ne      0    0eng d</controlfield><datafield ind1=" " ind2=" " tag="010"><subfield code="a">sn 85044575 </subfield></datafield><datafield ind1=" " ind2=" " tag="040"><subfield code="a">AAA</subfield><subfield code="b">eng</subfield><subfield code="c">AAA</subfield><subfield code="d">CPN</subfield><subfield code="d">CUS</subfield><subfield code="d">OCLCQ</subfield><subfield code="d">OCLCF</subfield><subfield code="d">OCLCO</subfield></datafield><datafield ind1=" " ind2=" " tag="037"><subfield code="b">Publication Office, 704 East Laurel St., Scottsboro, AL 35768</subfield></datafield><datafield ind1=" " ind2=" " tag="042"><subfield code="a">msc</subfield></datafield><datafield ind1=" " ind2=" " tag="043"><subfield code="a">n-us-al</subfield></datafield><datafield ind1="0" ind2=" " tag="130"><subfield code="a">Daily sentinel (Scottsboro, Ala.)</subfield></datafield><datafield ind1="1" ind2="4" tag="245"><subfield code="a">The Daily sentinel.</subfield></datafield><datafield ind1=" " ind2=" " tag="260"><subfield code="a">Scottsboro, Ala. :</subfield><subfield code="b">Daily Sentinel,</subfield><subfield code="c">1970-</subfield></datafield><datafield ind1=" " ind2=" " tag="300"><subfield code="a">v.</subfield></datafield><datafield ind1=" " ind2=" " tag="310"><subfield code="a">Daily (except Mon. and Sat.)</subfield></datafield><datafield ind1="0" ind2=" " tag="362"><subfield code="a">Vol. 1, no. 1 (July 14, 1970)-</subfield></datafield><datafield ind1=" " ind2="0" tag="651"><subfield code="a">Scottsboro (Ala.)</subfield><subfield code="v">Newspapers.</subfield></datafield><datafield ind1=" " ind2="7" tag="655"><subfield code="a">Newspapers.</subfield><subfield code="2">fast</subfield><subfield code="0">(OCoLC)fst01423814</subfield></datafield><datafield ind1=" " ind2="7" tag="651"><subfield code="a">Alabama</subfield><subfield code="z">Scottsboro.</subfield><subfield code="2">fast</subfield><subfield code="0">(OCoLC)fst01219883</subfield></datafield><datafield ind1=" " ind2=" " tag="752"><subfield code="a">United States</subfield><subfield code="b">Alabama</subfield><subfield code="c">Jackson</subfield><subfield code="d">Scottsboro.</subfield></datafield><datafield ind1="1" ind2=" " tag="776"><subfield code="t">Daily sentinel (Scottsboro, Ala. : Online)</subfield><subfield code="w">(DLC)sn 85044575</subfield><subfield code="w">(OCoLC)137350752</subfield></datafield><datafield ind1="0" ind2="0" tag="780"><subfield code="t">Sentinel-age</subfield><subfield code="w">(DLC)sn 87050011</subfield></datafield></record>